<record><leader>00000cas a22000007a 4500</leader><controlfield tag="001">11672266</controlfield><controlfield tag="008">850208d187u187unbuwr ne      0    0eng d</controlfield><datafield ind1=" " ind2=" " tag="010"><subfield code="a">sn 85033097 </subfield></datafield><datafield ind1=" " ind2=" " tag="040"><subfield code="a">NPU</subfield><subfield code="b">eng</subfield><subfield code="c">NPU</subfield><subfield code="d">NVG</subfield><subfield code="d">OCLCQ</subfield></datafield><datafield ind1=" " ind2=" " tag="042"><subfield code="a">msc</subfield></datafield><datafield ind1="0" ind2="0" tag="245"><subfield code="a">Nebraska reporter.</subfield></datafield><datafield ind1=" " ind2=" " tag="260"><subfield code="a">Seward, Neb. :</subfield><subfield code="b">Ingham &amp; McPherson Bros.</subfield></datafield><datafield ind1=" " ind2=" " tag="300"><subfield code="a">v. :</subfield><subfield code="b">ill. ;</subfield><subfield code="c">60 cm.</subfield></datafield><datafield ind1=" " ind2=" " tag="310"><subfield code="a">Weekly</subfield></datafield><datafield ind1=" " ind2=" " tag="588"><subfield code="a">Description based on: Vol. 2, no. 21 (Feb. 27, 1873).</subfield></datafield><datafield ind1=" " ind2=" " tag="752"><subfield code="a">United States</subfield><subfield code="b">Nebraska</subfield><subfield code="c">Seward</subfield><subfield code="d">Seward.</subfield></datafield><datafield ind1="0" ind2="0" tag="780"><subfield code="t">Nebraska weekly reporter</subfield></datafield><datafield ind1="0" ind2="0" tag="785"><subfield code="t">Nebraska weekly reporter (Seward, Neb. : 1874)</subfield></datafield></record>